@article{maiman1960stimulated,
  title={Stimulated optical radiation in ruby},
  author={Maiman, Theodore H and others},
  year={1960}
}